@MANUAL{xray,
    title   = {The bones of a hand with a ring on one finger, viewed through x-ray. Photoprint from radiograph by W.K. Röntgen, 1895},
    url = {https://wellcomecollection.org/works/wjc8ejn2},
}

 @misc{ radio,
   author = "{Wikimedia Commons}",
   title = "Photographic plate made by Henri Becquerel showing effects of exposure to radioactivity",
   year = "2015",
   url = "https://commons.wikimedia.org/w/index.php?title=File:Becquerel_plate.jpg&oldid=182024382",
 }

 @MANUAL{planck,
    title   = {Portrait of Max Planck},
    url = {https://library.si.edu/image-gallery/73553},
}

 @MANUAL{hess,
    title   = {Viktor Hess im Jahr 1915},
    url = {https://commons.wikimedia.org/wiki/File:X-HESS-2140.jpg},
}

@article{article,
author = {G. A. Fricke, Rudolf and Schlegel, Kristian},
year = {2017},
month = {01},
pages = {2},
title = {Julius Elster and Hans Geitel – Dioscuri of physics and pioneer investigators in atmospheric electricity},
volume = {8},
journal = {History of Geo- and Space Sciences},
doi = {10.5194/hgss-8-1-2017}
}

@MANUAL{baloon,
    title   = {V. F. Hess Society, Schloss Pöllau},
    url = {https://www.br.de/themen/wissen/victor-hess-kosmische-strahlung100~_image-1_-424a0b220e98478431a9be2b537569a28f3d7ec0.html},
}

@article{Hess:2018twh,
      author         = "Hess, Victor",
      title          = "{On the Observations of the Penetrating Radiation during
                        Seven Balloon Flights}",
      year           = "2018",
      eprint         = "1808.02927",
      archivePrefix  = "arXiv",
      primaryClass   = "physics.hist-ph",
      SLACcitation   = "%%CITATION = ARXIV:1808.02927;%%"
}
